@article{einstein,
    author = "Orti, E. and Bredas, J.L. and Clarisse, C.",
    title =        "{Zur Elektrodynamik bewegter K{\"o}rper}. ({German})
        [{On} the electrodynamics of moving bodies]",
    year =         "1905"
},

@article{google,
	author    = "Florian Schroff,
               Dmitry Kalenichenko,
               James Philbin",
  	title     = "FaceNet: {A} unified embedding for face recognition and clustering",
  year      = "2015",
}